@book{strogatz:dynamics_chaos,
  author = {Steven H. Strogatz},
  title = {Nonlinear Dynamics and Chaos With Applications to Physics, Chemistry, and Engineering},
  edition = {2},
  publisher = {Westview Press Inc},
  address = {Boulder, Colorado},
  year = {2014}
}

@book{Holovatch:order_disorder_criticality,
  doi = {10.1142/5376},
  url = {https://doi.org/10.1142/5376},
  year  = {2004},
  month = {mar},
  publisher = {{WORLD} {SCIENTIFIC}},
  author = {Yurij Holovatch},
  title = {Order,  Disorder and Criticality}
}

@article{Zwanzig:nonequil_stat_mech,
  doi = {10.1073/pnas.1412827111},
  url = {https://doi.org/10.1073/pnas.1412827111},
  year  = {2014},
  month = {jul},
  publisher = {Proceedings of the National Academy of Sciences},
  volume = {111},
  number = {32},
  pages = {11572--11573},
  author = {H. C. Andersen and D. Chandler},
  title = {Robert W. Zwanzig: Formulated nonequilibrium statistical mechanics},
  journal = {Proceedings of the National Academy of Sciences}
}

@article{Hove:hausdorff_crit_fluctuations,
  doi = {10.1103/physrevlett.85.2368},
  url = {https://doi.org/10.1103/physrevlett.85.2368},
  year  = {2000},
  month = {sep},
  publisher = {American Physical Society ({APS})},
  volume = {85},
  number = {11},
  pages = {2368--2371},
  author = {J. Hove and S. Mo and A. Sudb{\o}},
  title = {Hausdorff Dimension of Critical Fluctuations in Abelian Gauge Theories},
  journal = {Physical Review Letters}
}

@article{Schleicher:hausdorff_properties_surprises,
  doi = {10.1080/00029890.2007.11920440},
  url = {https://doi.org/10.1080/00029890.2007.11920440},
  year  = {2007},
  month = {jun},
  publisher = {Informa {UK} Limited},
  volume = {114},
  number = {6},
  pages = {509--528},
  author = {Dierk Schleicher},
  title = {Hausdorff Dimension,  Its Properties,  and Its Surprises},
  journal = {The American Mathematical Monthly}
}

@article{Prokofev:comment_on_hove_hausdorff_crit_fluct,
  doi = {10.1103/physrevlett.96.219701},
  url = {https://doi.org/10.1103/physrevlett.96.219701},
  year  = {2006},
  month = {jun},
  publisher = {American Physical Society ({APS})},
  volume = {96},
  number = {21},
  author = {Nikolay Prokofev and Boris Svistunov},
  title = {Comment on Hausdorff Dimension of Critical Fluctuations in Abelian Gauge Theories{\textquotedblright}},
  journal = {Physical Review Letters}
}

@article{Melchert:negweight_percolation_scaling_in_2d,
  doi = {10.1016/j.phpro.2014.08.132},
  url = {https://doi.org/10.1016/j.phpro.2014.08.132},
  year  = {2014},
  publisher = {Elsevier {BV}},
  volume = {57},
  pages = {58--67},
  author = {O. Melchert and C. Norrenbrock and A.K. Hartmann},
  title = {Negative-weight Percolation: Review of Existing Literature and Scaling Behavior of the Path Weight in 2d},
  journal = {Physics Procedia}
}

@article{Raboutou:fractal_vortices_disordered_sc,
  doi = {10.1016/0378-4371(94)90384-0},
  url = {https://doi.org/10.1016/0378-4371(94)90384-0},
  year  = {1994},
  month = {jun},
  publisher = {Elsevier {BV}},
  volume = {207},
  number = {1-3},
  pages = {271--279},
  author = {A. Raboutou and P. Peyral and C. Lebeau and J. Rosenblatt and J.P. Burin and Y. Fouad},
  title = {Fractal vortices in disordered superconductors},
  journal = {Physica A: Statistical Mechanics and its Applications}
}

@article{Dong:phase_trans_3d_gravity_fractal,
  doi = {10.1007/jhep05(2018)080},
  url = {https://doi.org/10.1007/jhep05(2018)080},
  year  = {2018},
  month = {may},
  publisher = {Springer Nature},
  volume = {2018},
  number = {5},
  author = {Xi Dong and Shaun Maguire and Alexander Maloney and Henry Maxfield},
  title = {Phase transitions in 3D gravity and fractal dimension},
  journal = {Journal of High Energy Physics}
}

@article{Wallin:sc_insulator_trans_2d_dirty_boson,
  doi = {10.1103/physrevb.49.12115},
  url = {https://doi.org/10.1103/physrevb.49.12115},
  year  = {1994},
  month = {may},
  publisher = {American Physical Society ({APS})},
  volume = {49},
  number = {17},
  pages = {12115--12139},
  author = {Mats Wallin and Erik S. So/rensen and S. M. Girvin and A. P. Young},
  title = {Superconductor-insulator transition in two-dimensional dirty boson systems},
  journal = {Physical Review B}
}


@article{Prokofev:first_worm_algorithm,
  doi = {10.1103/physrevlett.87.160601},
  url = {https://doi.org/10.1103/physrevlett.87.160601},
  year  = {2001},
  month = {sep},
  publisher = {American Physical Society ({APS})},
  volume = {87},
  number = {16},
  author = {Nikolay Prokofev and Boris Svistunov},
  title = {Worm Algorithms for Classical Statistical Models},
  journal = {Physical Review Letters}
}

@article{Janke:2disingdimension,
  doi = {10.1103/physreve.71.036703},
  url = {https://doi.org/10.1103/physreve.71.036703},
  year  = {2005},
  month = {mar},
  publisher = {American Physical Society ({APS})},
  volume = {71},
  number = {3},
  author = {Wolfhard Janke and Adriaan M. J. Schakel},
  title = {Fractal structure of spin clusters and domain walls in the two-dimensional Ising model},
  journal = {Physical Review E}
}

@article{Hoshen:HKAlgo,
  doi = {10.1103/physrevb.14.3438},
  url = {https://doi.org/10.1103/physrevb.14.3438},
  year  = {1976},
  month = {oct},
  publisher = {American Physical Society ({APS})},
  volume = {14},
  number = {8},
  pages = {3438--3445},
  author = {J. Hoshen and R. Kopelman},
  title = {Percolation and cluster distribution. I. Cluster multiple labeling technique and critical concentration algorithm},
  journal = {Physical Review B}
}

@article{Duplantier:GeoHausdorff,
  doi = {10.1103/physrevlett.84.1363},
  url = {https://doi.org/10.1103/physrevlett.84.1363},
  year  = {2000},
  month = {feb},
  publisher = {American Physical Society ({APS})},
  volume = {84},
  number = {7},
  pages = {1363--1367},
  author = {Bertrand Duplantier},
  title = {Conformally Invariant Fractals and Potential Theory},
  journal = {Physical Review Letters}
}

@article{Hanlon:CacheMisses,
  doi = {10.1006/jcss.2001.1756},
  url = {https://doi.org/10.1006/jcss.2001.1756},
  year  = {2001},
  month = {aug},
  publisher = {Elsevier {BV}},
  volume = {63},
  number = {1},
  pages = {80--126},
  author = {Philip J. Hanlon and Dean Chung and Siddhartha Chatterjee and Daniela Genius and Alvin R. Lebeck and Erin Parker},
  title = {The Combinatorics of Cache Misses during Matrix Multiplication},
  journal = {Journal of Computer and System Sciences}
}